@article{Pruesse&Ruskey,
author = {Gara Pruesse and Frank Ruskey},
title = {Generating the Linear Extensions of Certain Posets by Transpositions},
journal = {SIAM Journal on Discrete Mathematics},
volume = {4},
number = {3},
pages = {413-422},
year = {1991},
doi = {10.1137/0404037}
}

@article{Ruskey,
title = {Generating linear extensions of posets by transpositions},
journal = {Journal of Combinatorial Theory, Series B},
volume = {54},
number = {1},
pages = {77-101},
year = {1992},
issn = {0095-8956},
doi = {10.1016/0095-8956(92)90067-8},
author = {Frank Ruskey}
}

@article{Lenwood&Heath,
Title = {The Poset Cover Problem},
Author = {Lenwood S. Heath and Ajit Kumar Nema},
Journal = {Open Journal of Discrete Mathematics},
year = {2013},
volume = {3},
number = {3},
doi = {10.4236/ojdm.2013.33020},
pages = {101-111},
}
